<record><leader>00000cas a22000007a 4500</leader><controlfield tag="001">20303643</controlfield><controlfield tag="008">890906d19071908nduwr ne      0    0eng d</controlfield><datafield ind1=" " ind2=" " tag="010"><subfield code="a">sn 89074272 </subfield></datafield><datafield ind1=" " ind2=" " tag="040"><subfield code="a">NOP</subfield><subfield code="b">eng</subfield><subfield code="c">NOP</subfield><subfield code="d">OCLCQ</subfield></datafield><datafield ind1=" " ind2=" " tag="042"><subfield code="a">msc</subfield></datafield><datafield ind1="0" ind2="0" tag="245"><subfield code="a">Valley City times=record and Valley City alliance.</subfield></datafield><datafield ind1=" " ind2=" " tag="260"><subfield code="a">Valley City, Barnes County, N.D. :</subfield><subfield code="b">Times-Record Print. Co.</subfield></datafield><datafield ind1=" " ind2=" " tag="300"><subfield code="a">1 v. :</subfield><subfield code="b">ill. ;</subfield><subfield code="c">53-55 cm.</subfield></datafield><datafield ind1=" " ind2=" " tag="310"><subfield code="a">Weekly</subfield></datafield><datafield ind1="0" ind2=" " tag="362"><subfield code="a">Vol. 29, no. 18 (Aug. 1, 1907)-v. 29, no. 48 (Feb. 27, 1908).</subfield></datafield><datafield ind1=" " ind2=" " tag="500"><subfield code="a">"Official Paper of City and County", 1907-1908.</subfield></datafield><datafield ind1=" " ind2=" " tag="500"><subfield code="a">"Souvenir Edition" published Feb. 27, 1908.</subfield></datafield><datafield ind1=" " ind2=" " tag="530"><subfield code="a">Available on microfilm from the State Historical Society of North Dakota.</subfield></datafield><datafield ind1=" " ind2=" " tag="752"><subfield code="a">United States</subfield><subfield code="b">North Dakota</subfield><subfield code="c">Barnes</subfield><subfield code="d">Valley City.</subfield></datafield><datafield ind1="0" ind2=" " tag="775"><subfield code="t">Evening times=record</subfield><subfield code="w">(DLC)sn 89074276</subfield></datafield><datafield ind1="0" ind2="4" tag="780"><subfield code="t">Valley City times=record (Valley City, N.D. : 1902)</subfield><subfield code="w">(DLC)sn 89074271</subfield></datafield><datafield ind1="0" ind2="4" tag="780"><subfield code="t">Valley City alliance</subfield><subfield code="w">(DLC)sn 89074257</subfield></datafield><datafield ind1="0" ind2="0" tag="785"><subfield code="t">Valley City times=record (Valley City, N.D. : 1908)</subfield><subfield code="w">(DLC)sn 89074273</subfield></datafield></record>